% Dies ist Teil der Vorlesung Physik auf dem Computer, SS 2012,
% Axel Arnold, Universitaet Stuttgart.
% 
% Dieses Werk ist unter einer Creative Commons-Lizenz vom Typ
% Namensnennung-Weitergabe unter gleichen Bedingungen 3.0 Deutschland
% zug√§nglich. Um eine Kopie dieser Lizenz einzusehen, konsultieren Sie
% http://creativecommons.org/licenses/by-sa/3.0/de/ oder wenden Sie sich
% schriftlich an Creative Commons, 444 Castro Street, Suite 900, Mountain
% View, California, 94041, USA.

@BOOK{abramowitz70a,
  title = {{Handbook of mathematical functions}},
  publisher = {{Dover Publications Inc.}},
  year = {1970},
  author = {M. Abramowitz and I. Stegun},
  address = {{New York}}
}

@Book{daubechies92a,
  title={Ten lectures on wavelets},
  author={Daubechies, Ingrid},
  volume={61},
  year={1992},
  publisher={Society for Industrial Mathematics}
}

@Book{pinsky02a,
  author = 	 {Pinsky, Mark},
  title = 	 {Introduction to Fourier Analysis and Wavelets},
  publisher = 	 {Brooks/Cole},
  year = 	 {2002}
}
